@article{callebaut2021thelife,
	title        = {{The Art of Designing Remote IoT Devices--Technologies and Strategies for a Long Battery Life}},
	author       = {Callebaut, G and Leenders, G and Van Mulders, J and Ottoy, G and De Strycker, L and Van der Perre, L},
	year         = 2021,
	month        = {Jan},
	day          = 29,
	journal      = {Sensors},
	publisher    = {MDPI AG},
	volume       = 21,
	number       = 3,
	doi          = {10.3390/s21030913},
	issn         = {1424-8220},
	url          = {https://www.mdpi.com/1424-8220/21/3/913},
	publicationstatus = {online-published},
	author+an    = {1=highlight}
}
@inproceedings{callebaut2022techtilelearning,
	title        = {{Techtile â€“ Open 6G R\&D Testbed for Communication, Positioning, Sensing, WPT and Federated Learning}},
	author       = {Callebaut, G and Van Mulders, J and Ottoy, G and Delabie, D and Cox, B and Stevens, N and Van der Perre, L},
	year         = 2022,
	booktitle    = {2022 Joint European Conference on Networks and Communications \& 6G Summit (EuCNC/6G Summit)},
	pages        = {417--422},
	doi          = {10.1109/EuCNC/6GSummit54941.2022.9815696},
	issn         = {2475-6490},
	organization = {Grenoble, France},
	startyear    = 2022,
	startmonth   = {Jun},
	startday     = 7,
	finishyear   = 2022,
	finishmonth  = {Jun},
	finishday    = 10,
	conference   = {IEEE European Conference on Networks and Communications},
	publicationstatus = {published},
	author+an    = {1=highlight}
}
@inproceedings{callebaut2024howlabels,
	title        = {{How to Perform Distributed Precoding to Wirelessly Power Shelf Labels}},
	author       = {Callebaut, G and Van Mulders, J and Cox, B and van der Perre, L and De Strycker, L and Rottenberg, F},
	year         = 2024,
	booktitle    = {2024 IEEE 25TH INTERNATIONAL WORKSHOP ON SIGNAL PROCESSING ADVANCES IN WIRELESS COMMUNICATIONS, SPAWC 2024},
	publisher    = {IEEE},
	series       = {IEEE International Workshop on Signal Processing Advances in Wireless Communications},
	pages        = {526--530},
	doi          = {10.1109/SPAWC60668.2024.10693966},
	isbn         = {979-8-3503-9319-4},
	issn         = {1948-3244},
	organization = {ITALY, Lucca},
	startyear    = 2024,
	startmonth   = {Sep},
	startday     = 10,
	finishyear   = 2024,
	finishmonth  = {Sep},
	finishday    = 13,
	keyword      = {Science \& Technology},
	language     = {English},
	conference   = {25th IEEE International Workshop on Signal Processing Advances in Wireless Communications (SPAWC)},
	publicationstatus = {published},
	author+an    = {1=highlight}
}
@article{callebaut6gapproaches,
	title        = {{6G Radio Testbeds: Requirements, Trends, and Approaches}},
	author       = {Callebaut, G and Liu, L and Eriksson, T and Van der Perre, L and Edfors, O and Fager, C},
	year         = 2024,
	journal      = {Ieee Microwave Magazine},
	publisher    = {Institute of Electrical and Electronics Engineers},
	issn         = {1527-3342},
	publicationstatus = {accepted},
	author+an    = {1=highlight}
}
@inproceedings{callebautantestbeds,
	title        = {{An Open Dataset Storage Standard for 6G Testbeds}},
	author       = {Callebaut, G and sandra, M and nelson, C and wilding, T and Delabie, D and J.B. Deutschmann, B and T\"{a}rneberg, W and Fitzgerald, E and Johansson, A and Van der Perre, L},
	year         = 2023,
	booktitle    = {Proceedings of 2023 IEEE Conference on Antenna Measurements and Applications (CAMA) (2023 IEEE CAMA)},
	organization = {Genoa, Italy},
	conference   = {2023 IEEE Conference on Antenna Measurements and Applications (CAMA) (2023 IEEE CAMA)},
	publicationstatus = {accepted},
	author+an    = {1=highlight}
}
@inproceedings{callebautapositioning,
	title        = {{A Primer on Techtile: An R\&D Testbed for Distributed Communication, Sensing and Positioning}},
	author       = {Callebaut, G and Van Mulders, J and Ottoy, G and Van der Perre, L},
	year         = 2021,
	month        = {May},
	booktitle    = {2021 Symposium on Information Theory and Signal Processing in the Benelux},
	organization = {Eindhoven, The Netherlands},
	conference   = {2021 Symposium on Information Theory and Signal Processing in the Benelux},
	publicationstatus = {online-published},
	author+an    = {1=highlight}
}

@article{vanmulders2022wirelesscases,
	title        = {{Wireless Power Transfer: Systems, Circuits, Standards, and Use Cases}},
	author       = {Van Mulders, J and Delabie, D and Lecluyse, C and Buyle, C and Callebaut, G and Van der Perre, L and De Strycker, L},
	year         = 2022,
	month        = {Jul},
	day          = 26,
	journal      = {Sensors},
	publisher    = {MDPI AG},
	volume       = 22,
	number       = 15,
	doi          = {10.3390/s22155573},
	issn         = {1424-8220},
	publicationstatus = {published},
	author+an    = {5=highlight}
}
@inproceedings{vanmulders2024keepingapproach,
	title        = {{Keeping Energy-Neutral Devices Operational: a Coherent Massive Beamforming Approach}},
	author       = {van Mulders, J and Cox, B and Deutschmannt, BJB and Callebaut, G and De Strycker, L and van der Perre, L},
	year         = 2024,
	booktitle    = {2024 IEEE 25TH INTERNATIONAL WORKSHOP ON SIGNAL PROCESSING ADVANCES IN WIRELESS COMMUNICATIONS, SPAWC 2024},
	publisher    = {IEEE},
	series       = {IEEE International Workshop on Signal Processing Advances in Wireless Communications},
	pages        = {6--10},
	doi          = {10.1109/SPAWC60668.2024.10694523},
	isbn         = {979-8-3503-9319-4},
	issn         = {1948-3244},
	organization = {ITALY, Lucca},
	startyear    = 2024,
	startmonth   = {Sep},
	startday     = 10,
	finishyear   = 2024,
	finishmonth  = {Sep},
	finishday    = 13,
	keyword      = {Science \& Technology},
	language     = {English},
	conference   = {25th IEEE International Workshop on Signal Processing Advances in Wireless Communications (SPAWC)},
	publicationstatus = {published},
	author+an    = {4=highlight}
}
@inproceedings{vanmuldersaerialuavs,
	title        = {{Aerial Energy Provisioning for Massive Energy-Constrained IoT by UAVs}},
	author       = {Van Mulders, J and Leenders, G and Callebaut, G and De Strycker, L and Van der Perre, L},
	year         = 2022,
	month        = {Aug},
	day          = 11,
	booktitle    = {ICC 2022 - IEEE International Conference on Communications},
	publisher    = {IEEE},
	pages        = {3574--3579},
	doi          = {10.1109/ICC45855.2022.9838284},
	isbn         = {978-1-5386-8347-7},
	issn         = {1938-1883},
	organization = {Seoul},
	conference   = {IEEE International Conference on Communications},
	publicationstatus = {online-published},
	author+an    = {3=highlight}
}
